<record><leader>00000cas a2200000 a 4500</leader><controlfield tag="001">9330016</controlfield><controlfield tag="008">830321d18631892mauwr ne      0    0eng c</controlfield><datafield ind1=" " ind2=" " tag="010"><subfield code="a">sn 83020349 </subfield></datafield><datafield ind1=" " ind2=" " tag="040"><subfield code="a">NPX</subfield><subfield code="b">eng</subfield><subfield code="c">NPX</subfield><subfield code="d">NPU</subfield><subfield code="d">NPA</subfield><subfield code="d">DLC</subfield><subfield code="d">MGN</subfield><subfield code="d">CNK</subfield><subfield code="d">MGN</subfield><subfield code="d">NVK</subfield><subfield code="d">NVF</subfield><subfield code="d">OCL</subfield><subfield code="d">NVF</subfield><subfield code="d">KRTAS</subfield><subfield code="d">OCLCQ</subfield><subfield code="d">OCLCF</subfield><subfield code="d">OCLCO</subfield></datafield><datafield ind1="1" ind2=" " tag="029"><subfield code="a">AU@</subfield><subfield code="b">000002713882</subfield></datafield><datafield ind1=" " ind2=" " tag="042"><subfield code="a">pcc</subfield></datafield><datafield ind1=" " ind2=" " tag="043"><subfield code="a">n-us-ma</subfield></datafield><datafield ind1="0" ind2="0" tag="050"><subfield code="a">Newspaper 8361</subfield></datafield><datafield ind1="0" ind2="0" tag="245"><subfield code="a">Essex County Mercury and weekly Salem gazette.</subfield></datafield><datafield ind1="1" ind2="3" tag="246"><subfield code="a">Essex County Mercury</subfield><subfield code="f">1863-&lt;1876&gt;</subfield></datafield><datafield ind1=" " ind2=" " tag="260"><subfield code="a">Salem, Mass. :</subfield><subfield code="b">C. Foote &amp; N.A. Horton,</subfield><subfield code="c">1863-1892.</subfield></datafield><datafield ind1=" " ind2=" " tag="300"><subfield code="a">v.</subfield></datafield><datafield ind1=" " ind2=" " tag="310"><subfield code="a">Weekly</subfield></datafield><datafield ind1="0" ind2=" " tag="362"><subfield code="a">New ser., v. 24, no. 51 (Dec. 23, 1863)-new ser., v. 53, no. 42 (Oct. 19, 1892).</subfield></datafield><datafield ind1=" " ind2=" " tag="580"><subfield code="a">Daily ed.: Salem daily gazette, 1892.</subfield></datafield><datafield ind1=" " ind2="0" tag="651"><subfield code="a">Salem (Mass.)</subfield><subfield code="v">Newspapers.</subfield></datafield><datafield ind1=" " ind2="7" tag="655"><subfield code="a">Newspapers.</subfield><subfield code="2">fast</subfield><subfield code="0">(OCoLC)fst01423814</subfield></datafield><datafield ind1=" " ind2="7" tag="651"><subfield code="a">Massachusetts</subfield><subfield code="z">Salem.</subfield><subfield code="2">fast</subfield><subfield code="0">(OCoLC)fst01205839</subfield></datafield><datafield ind1=" " ind2=" " tag="752"><subfield code="a">United States</subfield><subfield code="b">Massachusetts</subfield><subfield code="c">Essex</subfield><subfield code="d">Salem.</subfield></datafield><datafield ind1="0" ind2=" " tag="775"><subfield code="t">Salem gazette (Salem, Mass. : 1790)</subfield><subfield code="w">(DLC)sn 83020611</subfield></datafield><datafield ind1="1" ind2=" " tag="775"><subfield code="t">Salem daily gazette</subfield><subfield code="w">(DLC)sn 86063509</subfield></datafield><datafield ind1="0" ind2="0" tag="780"><subfield code="t">Essex County Mercury, Danvers, Beverly, and Marblehead courier</subfield><subfield code="w">(DLC)sn 83020348</subfield></datafield><datafield ind1="0" ind2="0" tag="785"><subfield code="t">Essex County Mercury, weekly Salem gazette</subfield><subfield code="w">(DLC)sn 94055617</subfield></datafield><datafield ind1=" " ind2=" " tag="938"><subfield code="a">Kirtas Technologies, Inc.</subfield><subfield code="b">KRTS</subfield><subfield code="n">736298</subfield></datafield></record>